<record><leader>00000cas a22000007a 4500</leader><controlfield tag="001">17955114</controlfield><controlfield tag="008">880514d19371958nduwr ne      0    0eng d</controlfield><datafield ind1=" " ind2=" " tag="010"><subfield code="a">sn 87096007 </subfield></datafield><datafield ind1=" " ind2=" " tag="040"><subfield code="a">NOP</subfield><subfield code="b">eng</subfield><subfield code="c">NOP</subfield><subfield code="d">OCLCQ</subfield></datafield><datafield ind1=" " ind2=" " tag="042"><subfield code="a">msc</subfield></datafield><datafield ind1="0" ind2="4" tag="245"><subfield code="a">The Belfield news.</subfield></datafield><datafield ind1=" " ind2=" " tag="260"><subfield code="a">Belfield, N. Dak. :</subfield><subfield code="b">Carl Indergaard</subfield></datafield><datafield ind1=" " ind2=" " tag="300"><subfield code="a">21 v. :</subfield><subfield code="b">ill. ;</subfield><subfield code="c">38-45 cm.</subfield></datafield><datafield ind1=" " ind2=" " tag="310"><subfield code="a">Weekly</subfield></datafield><datafield ind1="0" ind2=" " tag="362"><subfield code="a">Vol. 1, no. 1 (Dec. 8, 1937) -v. 21, no. 46 (Oct. 23, 1958).</subfield></datafield><datafield ind1=" " ind2=" " tag="500"><subfield code="a">Special historical edition published Apr. 28, 1955.</subfield></datafield><datafield ind1=" " ind2=" " tag="500"><subfield code="a">"Official paper of Belfield, N. Dak."</subfield></datafield><datafield ind1=" " ind2=" " tag="530"><subfield code="a">Available on microfilm from the State Historical Society of North Dakota.</subfield></datafield><datafield ind1=" " ind2=" " tag="752"><subfield code="a">United States</subfield><subfield code="b">North Dakota</subfield><subfield code="c">Stark</subfield><subfield code="d">Belfield.</subfield></datafield><datafield ind1="0" ind2="0" tag="785"><subfield code="t">Belfield news and Badlands settler</subfield><subfield code="w">(DLC)sn 87096008</subfield></datafield></record>